<?xml version="1.0" encoding="UTF-8"?><record xmlns="http://www.loc.gov/MARC21/slim" xmlns:cinclude="http://apache.org/cocoon/include/1.0" xmlns:zs="http://www.loc.gov/zing/srw/">
  <leader>00613cz  a2200145n  4500</leader>
  <controlfield tag="001">no 00035114 </controlfield>
  <controlfield tag="003">DLC</controlfield>
  <controlfield tag="005">20000518092510.0</controlfield>
  <controlfield tag="008">000517n| acannaabn          |a aaa     c</controlfield>
  <datafield tag="010" ind1=" " ind2=" ">
    <subfield code="a">no 00035114 </subfield>
  </datafield>
  <datafield tag="035" ind1=" " ind2=" ">
    <subfield code="a">(OCoLC)oca05220822</subfield>
  </datafield>
  <datafield tag="040" ind1=" " ind2=" ">
    <subfield code="a">MU</subfield>
    <subfield code="b">eng</subfield>
    <subfield code="c">MU</subfield>
    <subfield code="d">DLC</subfield>
  </datafield>
  <datafield tag="100" ind1="1" ind2=" ">
    <subfield code="a">Sargent, Lou</subfield>
  </datafield>
  <datafield tag="400" ind1="1" ind2=" ">
    <subfield code="a">Steinberg, Luther</subfield>
  </datafield>
  <datafield tag="670" ind1=" " ind2=" ">
    <subfield code="a">Sun Records [SR], p1996:</subfield>
    <subfield code="b">container (Lou Sargent) booklet, p. 30 (trumpet-player Luther Steinberg) disc one, leaflet, p. [4] ("Lou Sargent" was actually a pseudonym for Luther Steinberg, trumpet, although the name was used as a front to describe the entire assembled musical aggregation)</subfield>
  </datafield>
</record>